<?xml version="1.0" encoding="UTF-8"?><collection xmlns="http://www.loc.gov/MARC21/slim"><record><leader>00357nam--2200109-i-4500</leader><controlfield tag="001">000030845</controlfield><controlfield tag="002">20161230</controlfield><controlfield tag="005">20161230201038</controlfield><controlfield tag="008">060222s1000------------r-----000-0-eng-d</controlfield><datafield ind1=" " ind2=" " tag="245"><subfield code="a">Materialismul dialectic si stiintele contemporane ale naturii. indicator bibliografic selectiv (1945-1960)</subfield></datafield><datafield ind1=" " ind2=" " tag="260"><subfield code="a">Bucuresti, Biblioteca Acad.R.P.R., 1963, 301p</subfield></datafield><datafield ind1=" " ind2=" " tag="852"><subfield code="a">D.1118</subfield></datafield></record></collection>